@Misc{IntroduçãoGreening,
  author       = {Fundecitrus},
  title        = {Greening},
  howpublished = {Fundecitrus, ciência e sustentabilidade para a citrucultura},
  address      = {Araraquara, SP},
  year         = {2018},
  url          = {https://www.fundecitrus.com.br/doencas/greening},
  urldate      = {2024-04-26},
}

@Misc{IntroduçãoEUAProblemas,
  author       = {Aregbe, Ikeoluwa and Farnsworth, Derek and Simnitt, Skyler},
  title        = {Citrus Greening, Hurricanes, and the Decline of the Florida Citrus Industry},
  howpublished = {Southern Ag Today},
  year         = {2024},
  url          = {https://southernagtoday.org/2024/01/05/citrus-greening-hurricanes-and-the-decline-of-the-florida-citrus-industry/},
  urldate      = {2024-05-04},
}

@Article{IntroduçãoDeficiencias,
  author       = {Bueno, Newton and Gasparotto, Luadir},
  title        = {Sintomas de deficiências nutricionais em citros},
  journal      = {Embrapa},
  publisher    = {Embrapa Amazônia Ocidental},
  pages        = {19},
  urldate      = {2024-04-19},
  url          = {https://ainfo.cnptia.embrapa.br/digital/bitstream/item/64450/1/CircTec-06-1999.pdf},
  year         = {1999},
  month        = dec,
  issn         = {1517-2449},
}

@Article{IntroduçãoRedeNeural,
  author       = {Qin, Zhuwei and Yu, Fuxun and Liu, Chenchen and Chen, Xiang},
  title        = {How convolutional neural networks see the world --- A survey of convolutional neural network visualization methods},
  journal      = {Mathematical Foundations of Computing},
  publisher    = {American Institute of Mathematical Sciences},
  volume       = {1},
  number       = {2},
  pages        = {149-180},
  year         = {2018},
  month        = may,
  doi          = {10.3934/mfc.2018008},
}

@Article{IntroduçãoDeepLearning,
  author       = {Christin, Sylvain and Hervet, Éric and Lecomte, Nicolas},
  title        = {Applications for deep learning in ecology},
  journal      = {Methods in Ecology and Evolution},
  publisher    = {British Ecological Society(BES)},
  pages        = {1632-1644},
  year         = {2019},
  urldate      = {2024-05-05},
  month        = oct,
  doi          = {10.1111/2041-210X.13256},
}

@Article{EstadoArte1,
  author       = {Muthusamy, Sudhakar and Ramu, Swarna Priya},
  title        = {Computer Vision Based Machine Learning and Deep Learning Approaches for
  Identification of Nutrient Deficiency in Crops: A Survey},
  journal      = {Nature Environment and Pollution Technology},
  volume       = {22},
  number       = {3},
  pages        = {1387-1399},
  year         = {2023},
  doi          = {https://doi.org/10.46488/NEPT.2023.v22i03.025},
  issn         = {2395-3454},
}

@Article{EstadoArte2,
  author       = {Ghorai, Ankit Kumar and Barman, Ashis Roy and Mukhopadhyay, Sabyasachi and Jash, Subhendu and Dutta, Subrata and Kundo, S and Roy, M De and Mandal, S N},
  title        = {Image Processing Based Detection of Diseases and Nutrient Deficiencies in Plants},
  journal      = {SATSA Mukhapatra - Annual Technical Issue},
  volume       = {25},
  pages        = {1--25},
  year         = {2021},
  urldate      = {2024-10-31},
  url          = {https://www.researchgate.net/publication/349707825_Image_Processing_Based_Detection_of_Diseases_and_Nutrient_Deficiencies_in_Plants},
  issn         = {0971-975X},
}

@Article{EstadoArte3,
  author       = {Tran, Trung-Tin and Choi, Jae-Won and Le, Thien-Tu Huynh and Kim, Jong-Wook},
  title        = {A Comparative Study of Deep CNN in Forecasting and Classifying the Macronutrient Deficiencies on Development of Tomato Plant},
  journal      = {Applied Sciences},
  volume       = {9},
  number       = {8},
  articleno    = {1601},
  year         = {2019},
  doi          = {https://doi.org/10.3390/app9081601},
}

@Article{ResultadoNDVIArtigo,
  author       = {Trindade, José Pedro Pereira and Volk, Leandro Bochi da Silva and Rocha, Danilo Serra da},
  title        = {Avaliação do índice normalizado de vegetação no monitoramento de sistema de unidades de manejo.},
  journal      = {Bagé},
  publisher    = {Embrapa Pecuária Sul},
  pages        = {31},
  urldate      = {2024-05-29},
  url          = {https://ainfo.cnptia.embrapa.br/digital/bitstream/item/223511/1/BPD-47-online.pdf},
  year         = {2021},
  month        = may,
  issn         = {1983-0467},
}

@Misc{ResultadoNDVISite,
  author       = {Aegro},
  title        = {O que são mapas NDVI e como utilizá-los na fazenda},
  howpublished = {Blog aegro},
  address      = {Porto Alegre, RS},
  year         = {2020},
  url          = {https://blog.aegro.com.br/ndvi/},
  urldate      = {2024-05-29},
}

@Misc{ConclusãoMicroN,
  author       = {Bruna, Jackellyne},
  title        = {9 micronutrientes das plantas: como e quando utilizá-los},
  howpublished = {Blog aegro},
  address      = {Porto Alegre, RS},
  year         = {2019},
  url          = {https://blog.aegro.com.br/micronutrientes/#:~:text=Os%20sintomas%20de%20deficiência%20de%20manganês%20podem%20frequentemente%20ser%20confundidos,do%20solo%20é%20tão%20crítico.&text=O%20pH%20do%20solo%20mais,folhas%20amareladas%20na%20sua%20lavoura.},
  urldate      = {2024-05-30},
}

@Misc{ConclusãoCobre,
  author       = {Machado, Anderson Wolf},
  title        = {Cobre - tudo o que você precisa saber sobre este adubo},
  howpublished = {Agrolink},
  year         = {2022},
  url          = {https://www.agrolink.com.br/fertilizantes/nutrientes/cobre---tudo-o-que-voce-precisa-saber-sobre-este-adubo_468470.html},
  urldate      = {2024-05-30}, 
}
@Comment{jabref-meta: databaseType:biblatex;}
